@Misc{IMS_course,
	author = {Petr Peringer and Martin Hrubý},
	title = {
		Modelování a~simulace -- text k~přednáškám kurzu Modelování a~simulace, FIT VUT v~Brně
	},
	howpublished = {[online]},
	year = {21. září 2020},
	note = {[vid. 2020-12-03]},
	url = {https://www.fit.vutbr.cz/study/courses/IMS/public/prednasky/IMS.pdf},
}

@Misc{SIMLIB,
	author = {Petr Peringer and David Leska and David Martinek},
	title = {SIMLIB/C++ (SIMulation LIBrary for C++)},
	howpublished = {[online]},
	year = {19. září 2018},
	note = {[vid. 2020-12-03]},
	url = {http://www.fit.vutbr.cz/~peringer/SIMLIB},
}

@Misc{car_peugeot,
	author = {SoftNews Net SRL},
	title = {autoevolution -- PEUGEOT Partner Combi)},
	howpublished = {[online]},
	year = {22. listopad 2010},
	note = {[vid. 2020-12-03]},
	url = {https:/www.autoevolution.com/peugeot/partner-combi/},
}

@Misc{car_fiat,
	author = {SoftNews Net SRL},
	title = {autoevolution -- FIAT Doblo},
	howpublished = {[online]},
	year = {22. září 2020},
	note = {[vid. 2020-12-03]},
	url = {https://www.autoevolution.com/cars/fiat-doblo-2015.html#aeng_fiat-doblo-2015-14l-t-jet-cng-6mt-120-hp},
}

@Misc{news,
	author = {Pavla Adamcová},
	title = {Aktuálně.cz -- Byznys s rozvozem jídla má zlaté časy. Třetinu jim dáme na provizi, naříkají podniky},
	howpublished = {[online]},
	year = {30. duben 2020},
	note = {[vid. 2020-12-03]},
	url = {https://zpravy.aktualne.cz/ekonomika/rozvozy-restaurace-koronavirus/r~4ddb5f5c891e11eab115ac1f6b220ee8/},
}
